
@article{macqueen_methods_nodate,
	title = {{SOME} {METHODS} {FOR} {CLASSIFICATION} {AND} {ANALYSIS} {OF} {MULTIVARIATE} {OBSERVATIONS}},
	language = {en},
	journal = {MULTIVARIATE OBSERVATIONS},
	author = {MACQUEEN, J},
	pages = {17},
	file = {MACQUEEN - SOME METHODS FOR CLASSIFICATION AND ANALYSIS OF MU.pdf:C\:\\Users\\nialv_000\\OneDrive\\ANDES\\Herramientas compu\\Proyecto\\ProyectoFinal\\ProyectoFinal\\MACQUEEN - SOME METHODS FOR CLASSIFICATION AND ANALYSIS OF MU.pdf:application/pdf}
}